@book{620e8926e44d4de0bab90c61ed2aad95,
title = "European Cardiovascular Disease Statistics 2017",
author = "Elizabeth Wilkins and L Wilson and Kremlin Wickramasinghe and Prachi Bhatnagar and Jose Leal and Ramon Luengo-Fernandez and R Burns and Mike Rayner and Nick Townsend",
year = "2017",
month = feb,
day = "15",
language = "English",
publisher = "European Heart Network",
address = "Belgium",
}

@article{MAHMOOD2014999,
title = {The Framingham Heart Study and the epidemiology of cardiovascular disease: a historical perspective},
journal = {The Lancet},
volume = {383},
number = {9921},
pages = {999-1008},
year = {2014},
issn = {0140-6736},
doi = {https://doi.org/10.1016/S0140-6736(13)61752-3},
url = {https://www.sciencedirect.com/science/article/pii/S0140673613617523},
author = {Syed S Mahmood and Daniel Levy and Ramachandran S Vasan and Thomas J Wang},
}

@book{nielsen2009bayesian,
  title={Bayesian Networks and Decision Graphs},
  author={Nielsen, T.D. and JENSEN, F.V.},
  isbn={9780387682822},
  lccn={2006938666},
  series={Information Science and Statistics},
  url={https://books.google.it/books?id=37CAgCykQaAC},
  year={2009},
  publisher={Springer New York}
}

@article{2019e1332,
title = {World Health Organization cardiovascular disease risk charts: revised models to estimate risk in 21 global regions},
journal = {The Lancet Global Health},
volume = {7},
number = {10},
pages = {e1332-e1345},
year = {2019},
issn = {2214-109X},
doi = {https://doi.org/10.1016/S2214-109X(19)30318-3},
url = {https://www.sciencedirect.com/science/article/pii/S2214109X19303183},
author = {Stephen Kaptoge and Lisa Pennells and Dirk {De Bacquer} and et al.},
}


@article{ORDOVAS2023107405,
title = {A Bayesian network model for predicting cardiovascular risk},
journal = {Computer Methods and Programs in Biomedicine},
volume = {231},
pages = {107405},
year = {2023},
issn = {0169-2607},
doi = {https://doi.org/10.1016/j.cmpb.2023.107405},
url = {https://www.sciencedirect.com/science/article/pii/S016926072300072X},
author = {J.M. Ordovas and D. Rios-Insua and A. Santos-Lozano and A. Lucia and A. Torres and A. Kosgodagan and J.M. Camacho},
keywords = {Bayesian network, Cardiovascular diseases, Healthcare, Disease treatment, Health policy},
}

@misc{WHO2024,
  author = {WHO},
  title = {Cardiovascular diseases (CVDs)},
  year = {2024},
  url = {https://www.who.int/news-room/fact-sheets/detail/cardiovascular-diseases-%28cvds%29},
  note = {Accessed: 25-02-2024}
}

@INPROCEEDINGS{9418099,
  author={Gupta, Apoorva and Anand, Ashutosh and Hasija, Yasha},
  booktitle={2021 6th International Conference for Convergence in Technology (I2CT)}, 
  title={Recall-based Machine Learning approach for early detection of Cervical Cancer}, 
  year={2021},
  volume={},
  number={},
  pages={1-5},
  keywords={Memory;Medical services;Receivers;Throughput;Bioinformatics;Surges;Cervical cancer;SMOTE;Expectation Maximization;Recall;ROC curve;Oversampling;Schiller;Cytology;Biopsy;Hinselmann;Cervical Cancer;Random Forest;Classification;SHAP},
  doi={10.1109/I2CT51068.2021.9418099}}

@misc{dataset,
    author = {fedesoriano},
    year = {2021},
    title = {Heart Failure Prediction Dataset},
    url = {https://www.kaggle.com/fedesoriano/heart-failure-prediction},
    note = {Retrieved: 25-02-2024}
}